<marcxml:record xmlns:marcxml="http://www.loc.gov/MARC21/slim" xmlns:mets="http://www.loc.gov/METS/" xmlns:bf="http://id.loc.gov/ontologies/bibframe/" xmlns:bflc="http://id.loc.gov/ontologies/bflc/" xmlns:madsrdf="http://www.loc.gov/mads/rdf/v1#" xmlns:rdf="http://www.w3.org/1999/02/22-rdf-syntax-ns#" xmlns:ri="http://id.loc.gov/ontologies/RecordInfo#" xmlns:idx="info:lc/xq-modules/lcindex" xmlns:semtriples="http://marklogic.com/semantic" xmlns:xsi="http://www.w3.org/2001/XMLSchema-instance" xmlns:xlink="http://www.w3.org/1999/xlink" xmlns:streams="info:lc/streams#">
  <marcxml:leader>01488cim a22004331a 4500</marcxml:leader>
  <marcxml:controlfield tag="001">13513325</marcxml:controlfield>
  <marcxml:controlfield tag="005">20090114124430.0</marcxml:controlfield>
  <marcxml:controlfield tag="007">sd fsngnnmmned</marcxml:controlfield>
  <marcxml:controlfield tag="008">040305s2002    nyunnn|        m  | eng d</marcxml:controlfield>
  <marcxml:datafield tag="906" ind1=" " ind2=" ">
    <marcxml:subfield code="a">7</marcxml:subfield>
    <marcxml:subfield code="b">cbc</marcxml:subfield>
    <marcxml:subfield code="c">copycat</marcxml:subfield>
    <marcxml:subfield code="d">3</marcxml:subfield>
    <marcxml:subfield code="e">ncip</marcxml:subfield>
    <marcxml:subfield code="f">20</marcxml:subfield>
    <marcxml:subfield code="g">y-genmusic</marcxml:subfield>
  </marcxml:datafield>
  <marcxml:datafield tag="925" ind1="0" ind2=" ">
    <marcxml:subfield code="a">acquire</marcxml:subfield>
    <marcxml:subfield code="b">2 copies</marcxml:subfield>
    <marcxml:subfield code="x">policy default</marcxml:subfield>
  </marcxml:datafield>
  <marcxml:datafield tag="955" ind1=" " ind2=" ">
    <marcxml:subfield code="a">vn17 2004-03-05 to MBRS/RS</marcxml:subfield>
    <marcxml:subfield code="e">vn07 2004-06-07 Copy 2 to MBRS/RS</marcxml:subfield>
    <marcxml:subfield code="i">vk37 2009-01-14 cdam</marcxml:subfield>
  </marcxml:datafield>
  <marcxml:datafield tag="010" ind1=" " ind2=" ">
    <marcxml:subfield code="a">  2004571827</marcxml:subfield>
  </marcxml:datafield>
  <marcxml:datafield tag="020" ind1=" " ind2=" ">
    <marcxml:subfield code="a">0743529790</marcxml:subfield>
  </marcxml:datafield>
  <marcxml:datafield tag="024" ind1="1" ind2=" ">
    <marcxml:subfield code="a">076714039957</marcxml:subfield>
    <marcxml:subfield code="d">027979</marcxml:subfield>
  </marcxml:datafield>
  <marcxml:datafield tag="024" ind1="3" ind2=" ">
    <marcxml:subfield code="a">9780743529792</marcxml:subfield>
  </marcxml:datafield>
  <marcxml:datafield tag="024" ind1="3" ind2=" ">
    <marcxml:subfield code="a">9780743529792</marcxml:subfield>
    <marcxml:subfield code="d">53995</marcxml:subfield>
  </marcxml:datafield>
  <marcxml:datafield tag="028" ind1="0" ind2="2">
    <marcxml:subfield code="a">0-7435-2979-0</marcxml:subfield>
    <marcxml:subfield code="b">Simon &amp; Schuster Audio</marcxml:subfield>
  </marcxml:datafield>
  <marcxml:datafield tag="035" ind1=" " ind2=" ">
    <marcxml:subfield code="a">(DLC)   2004571827</marcxml:subfield>
  </marcxml:datafield>
  <marcxml:datafield tag="035" ind1=" " ind2=" ">
    <marcxml:subfield code="a">(OCoLC)ocm51182800</marcxml:subfield>
  </marcxml:datafield>
  <marcxml:datafield tag="040" ind1=" " ind2=" ">
    <marcxml:subfield code="a">LKR</marcxml:subfield>
    <marcxml:subfield code="c">LKR</marcxml:subfield>
    <marcxml:subfield code="d">UUC</marcxml:subfield>
    <marcxml:subfield code="d">OCLCQ</marcxml:subfield>
    <marcxml:subfield code="d">DLC</marcxml:subfield>
  </marcxml:datafield>
  <marcxml:datafield tag="042" ind1=" " ind2=" ">
    <marcxml:subfield code="a">lcderive</marcxml:subfield>
  </marcxml:datafield>
  <marcxml:datafield tag="043" ind1=" " ind2=" ">
    <marcxml:subfield code="a">n-us---</marcxml:subfield>
  </marcxml:datafield>
  <marcxml:datafield tag="050" ind1="0" ind2="0">
    <marcxml:subfield code="a">SDA 91056, etc.</marcxml:subfield>
  </marcxml:datafield>
  <marcxml:datafield tag="100" ind1="1" ind2=" ">
    <marcxml:subfield code="a">Sebold, Alice.</marcxml:subfield>
  </marcxml:datafield>
  <marcxml:datafield tag="245" ind1="1" ind2="0">
    <marcxml:subfield code="a">Lucky</marcxml:subfield>
    <marcxml:subfield code="h">[sound recording] /</marcxml:subfield>
    <marcxml:subfield code="c">Alice Sebold.</marcxml:subfield>
  </marcxml:datafield>
  <marcxml:datafield tag="260" ind1=" " ind2=" ">
    <marcxml:subfield code="a">New York :</marcxml:subfield>
    <marcxml:subfield code="b">Simon &amp; Schuster Audio,</marcxml:subfield>
    <marcxml:subfield code="c">p2002.</marcxml:subfield>
  </marcxml:datafield>
  <marcxml:datafield tag="300" ind1=" " ind2=" ">
    <marcxml:subfield code="a">8 sound discs (ca. 9.5 hrs.) :</marcxml:subfield>
    <marcxml:subfield code="b">digital ;</marcxml:subfield>
    <marcxml:subfield code="c">4 3/4 in.</marcxml:subfield>
  </marcxml:datafield>
  <marcxml:datafield tag="306" ind1=" " ind2=" ">
    <marcxml:subfield code="a">093000</marcxml:subfield>
  </marcxml:datafield>
  <marcxml:datafield tag="500" ind1=" " ind2=" ">
    <marcxml:subfield code="a">Compact disc.</marcxml:subfield>
  </marcxml:datafield>
  <marcxml:datafield tag="500" ind1=" " ind2=" ">
    <marcxml:subfield code="a">Unabridged.</marcxml:subfield>
  </marcxml:datafield>
  <marcxml:datafield tag="511" ind1="0" ind2=" ">
    <marcxml:subfield code="a">Read by the author.</marcxml:subfield>
  </marcxml:datafield>
  <marcxml:datafield tag="508" ind1=" " ind2=" ">
    <marcxml:subfield code="a">Producer, Elisa Shokoff; director, Fred Sanders.</marcxml:subfield>
  </marcxml:datafield>
  <marcxml:datafield tag="600" ind1="1" ind2="0">
    <marcxml:subfield code="a">Sebold, Alice.</marcxml:subfield>
  </marcxml:datafield>
  <marcxml:datafield tag="650" ind1=" " ind2="0">
    <marcxml:subfield code="a">Rape victims</marcxml:subfield>
    <marcxml:subfield code="z">United States</marcxml:subfield>
    <marcxml:subfield code="v">Case studies.</marcxml:subfield>
  </marcxml:datafield>
  <marcxml:datafield tag="650" ind1=" " ind2="0">
    <marcxml:subfield code="a">Trials (Rape)</marcxml:subfield>
    <marcxml:subfield code="z">United States</marcxml:subfield>
    <marcxml:subfield code="v">Case studies.</marcxml:subfield>
  </marcxml:datafield>
  <marcxml:datafield tag="856" ind1="4" ind2="2">
    <marcxml:subfield code="3">Publisher description</marcxml:subfield>
    <marcxml:subfield code="u">http://www.loc.gov/catdir/enhancements/fy0631/2004571827-d.html</marcxml:subfield>
  </marcxml:datafield>
  <marcxml:datafield tag="952" ind1=" " ind2=" ">
    <marcxml:subfield code="a">spokenwd</marcxml:subfield>
  </marcxml:datafield>
  <marcxml:datafield tag="985" ind1=" " ind2=" ">
    <marcxml:subfield code="c">OCLC</marcxml:subfield>
    <marcxml:subfield code="e">srreplace 2005-08</marcxml:subfield>
  </marcxml:datafield>
</marcxml:record>
